@article{paz1966some,
  title={Some aspects of probabilistic automata},
  author={Paz, Azaria},
  journal={Information and Control},
  volume={9},
  number={1},
  pages={26--60},
  year={1966},
  publisher={Elsevier}
}

@article{Dupont:2005:LPA:1746577.1746601,
 author = {Dupont, P. and Denis, F. and Esposito, Y.},
 title = {Links Between Probabilistic Automata and Hidden Markov Models: Probability Distributions, Learning Models and Induction Algorithms},
 journal = {Pattern Recogn.},
 issue_date = {September, 2005},
 volume = {38},
 number = {9},
 month = {sep},
 year = {2005},
 issn = {0031-3203},
 pages = {1349--1371},
 numpages = {23},
 url = {http://dx.doi.org/10.1016/j.patcog.2004.03.020},
 doi = {10.1016/j.patcog.2004.03.020},
 acmid = {1746601},
 publisher = {Elsevier Science Inc.},
 address = {New York, NY, USA},
 keywords = {Bayesian learning, Grammar induction, HMM topology learning, Hidden Markov models, Induction algorithms, PAC learning, Probabilistic automata},
}

@CourseNotes{Notesw4705,
	title={Course Notes for COMS w4705: Language Modeling},	
	author={Michael Collins},
	university={Columbia University},
	year={2014},
} 

@book{poole2010artificial,
  title={Artificial Intelligence: foundations of computational agents},
  author={Poole, David L and Mackworth, Alan K},
  year={2010},
  publisher={Cambridge University Press}
}

@INPROCEEDINGS{Rabiner89hmm,
    author = {Lawrence R. Rabiner},
    title = {A tutorial on hidden Markov models and selected applications in speech recognition},
    booktitle = {PROCEEDINGS OF THE IEEE},
    year = {1989},
    pages = {257--286}
}

@article{pazintroduction,
  title={Introduction to Probabilistic Automata, 1971},
  author={Paz, A},
  journal={Academic, New York}
}

@article{Sakakibara2005,
   author = {Sakakibara, Y. and Sakakibara},
   title = {Grammatical inference in bioinformatics},
   language = {English}, 
   year = {2005},
   issn = {0162-8828},
   volume = {27},
   pages = {1051--1062},
   doi = {10.1109/TPAMI.2005.140},
   url = {http://sfx.aub.aau.dk/sfxaub?sid=google&auinit=Y&aulast=Sakakibara&atitle=Grammatical+inference+in+bioinformatics&id=doi:10.1109/TPAMI.2005.140&title=IEEE+Transactions+on+Pattern+Analysis+and+Machine+Intelligence&volume=27&issue=7&date=2005&spage=1051&issn=0162-8828}
}

@article{Rivest1993,
   author = {Rivest, R. L. and Schapire},
   title = {Inference of Finite Automata Using Homing Sequences},
   language = {English},
   year = {1993},
   issn = {0890-5401},
   volume = {103},
   pages = {299--347},
   doi = {10.1006/inco.1993.1021},
   url = {http://sfx.aub.aau.dk/sfxaub?sid=google&auinit=RL&aulast=Rivest&atitle=Inference+of+finite+automata+using+homing+sequences&id=doi:10.1006/inco.1993.1021&title=Information+and+computation&volume=103&issue=2&date=1993&spage=299&issn=0890-5401}
}

@TECHREPORT{pautomacTR,
  AUTHOR =        {Sicco Verwer and R\'{e}mi Eyraud and Colin de la Higuera},
  TITLE =         {PAutomaC: a PFA/HMM Learning Competition},
  ABSTRACT =      {Approximating distributions over strings is a hard learning problem. Typical techniques
involve using nite state machines as models and attempting to learn these; these machines
can either be hand built and then have their weights estimated, or built by grammatical
inference techniques: the structure and the weights are then learnt simultaneously. The
PAutomaC competition is the rst challenge that will allow to compare methods and
build a rst state of the art for these latter techniques. Both articial data and real data
will be proposed and contestants are to try to estimate the probabilities of unseen strings.. },
  MONTH =         {February},
  YEAR  =         {2011},
  CONTACT =       {pautomac@gmail.com}
}

@article{baum1966,
ajournal = "Ann. Math. Statist.",
author = "Baum, Leonard E. and Petrie, Ted",
doi = "10.1214/aoms/1177699147",
journal = "The Annals of Mathematical Statistics",
month = "12",
number = "6",
pages = "1554--1563",
publisher = "The Institute of Mathematical Statistics",
title = "Statistical Inference for Probabilistic Functions of Finite State Markov Chains",
url = "http://dx.doi.org/10.1214/aoms/1177699147",
volume = "37",
year = "1966"
}

@article{baum1967,
ajournal = "Bull. Amer. Math. Soc.",
author = "Baum, Leonard E. and Eagon, J. A.",
journal = "Bulletin of the American Mathematical Society",
month = "05",
number = "3",
pages = "360--363",
publisher = "American Mathematical Society",
title = "An inequality with applications to statistical estimation for probabilistic functions of Markov processes and to a model for ecology",
url = "http://projecteuclid.org/euclid.bams/1183528841",
volume = "73",
year = "1967"
}

@article{baum1968,
ajournal = "Pacific J. Math.",
author = "Baum, Leonard E. and Sell, George R.",
journal = "Pacific Journal of Mathematics",
number = "2",
pages = "211--227",
publisher = "Pacific Journal of Mathematics, A Non-profit Corporation",
title = "Growth transformations for functions on manifolds.",
url = "http://projecteuclid.org/euclid.pjm/1102983899",
volume = "27",
year = "1968"
}

@article{baum1970,
ajournal = "Ann. Math. Statist.",
author = "Baum, Leonard E. and Petrie, Ted and Soules, George and Weiss, Norman",
doi = "10.1214/aoms/1177697196",
journal = "The Annals of Mathematical Statistics",
month = "02",
number = "1",
pages = "164--171",
publisher = "The Institute of Mathematical Statistics",
title = "A Maximization Technique Occurring in the Statistical Analysis of Probabilistic Functions of Markov Chains",
url = "http://dx.doi.org/10.1214/aoms/1177697196",
volume = "41",
year = "1970"
}

@article{baum1972,
    author = {Baum, L.},
    citeulike-article-id = {1079346},
    journal = {Inequalities},
    keywords = {bibtex-import},
    pages = {1--8},
    posted-at = {2007-01-31 04:27:54},
    priority = {0},
    title = {{An inequality and associated maximization technique in statistical estimation for probabilistic functions of Markov processes}},
    volume = {3},
    year = {1972}
}

@inbook {ben-gal2007bn,
title = {Bayesian Networks},
author = {Ben-Gal, Irad},
publisher = {John Wiley \& Sons, Ltd},
isbn = {9780470061572},
url = {http://dx.doi.org/10.1002/9780470061572.eqr089},
doi = {10.1002/9780470061572.eqr089},
keywords = {probabilistic graphical models, Markov models, context, causality, reasoning},
booktitle = {Encyclopedia of Statistics in Quality and Reliability},
year = {2008},
}

@ARTICLE{bakis1976,
   author = {{Bakis}, R.},
    title = "{Continuous speech recognition via centisecond acoustic states}",
  journal = {Acoustical Society of America Journal},
     year = 1976,
    month = jan,
   volume = 59,
    pages = {97},
      doi = {10.1121/1.2003011}
}

@ARTICLE{jelinek1976, 
author={Jelinek, F.}, 
journal={Proceedings of the IEEE}, 
title={Continuous speech recognition by statistical methods}, 
year={1976}, 
month={April}, 
volume={64}, 
number={4}, 
pages={532-556}, 
keywords={Acoustic devices;Automatic speech recognition;Decoding;Loudspeakers;Natural languages;Signal processing;Speech processing;Speech recognition;Statistical analysis;Statistics}, 
doi={10.1109/PROC.1976.10159}, 
ISSN={0018-9219},}

@ARTICLE{jelinek1983,
author={Bahl, Lalit R. and Jelinek, F. and Mercer, R.},
journal={Pattern Analysis and Machine Intelligence, IEEE Transactions on},
title={A Maximum Likelihood Approach to Continuous Speech Recognition},
year={1983},
month={March},
volume={PAMI-5},
number={2},
pages={179-190},
keywords={Acoustic waves;Automatic speech recognition;Loudspeakers;Maximum likelihood decoding;Maximum likelihood estimation;Natural languages;Speech processing;Speech recognition;Statistical analysis;Vocabulary;Markov models;maximum likelihood;parameter estimation;speech recognition;statistical models},
doi={10.1109/TPAMI.1983.4767370},
ISSN={0162-8828},}

@article{Viterbi1967,
 author = {Viterbi, A.},
 title = {Error Bounds for Convolutional Codes and an Asymptotically Optimum Decoding Algorithm},
 journal = {IEEE Trans. Inf. Theor.},
 issue_date = {April 1967},
 volume = {13},
 number = {2},
 month = sep,
 year = {2006},
 issn = {0018-9448},
 pages = {260--269},
 numpages = {10},
 url = {http://dx.doi.org/10.1109/TIT.1967.1054010},
 doi = {10.1109/TIT.1967.1054010},
 acmid = {2267502},
 publisher = {IEEE Press},
 address = {Piscataway, NJ, USA},
} 

@article{Forney1973,
  added-at = {2010-01-28T11:42:45.000+0100},
  author = {Forney, G. D.},
  biburl = {http://www.bibsonomy.org/bibtex/27b2ae314c64d34ca0cf52425ea541f7d/bfields},
  date-added = {2009-11-11 15:57:43 +0000},
  date-modified = {2009-11-11 15:57:43 +0000},
  description = {initial imports},
  interhash = {97657e6f35027dc83725e5c01ef3f21a},
  intrahash = {7b2ae314c64d34ca0cf52425ea541f7d},
  journal = {Proc. of the IEEE},
  keywords = {HMM Viterbi},
  month = {March},
  pages = {268 - 278},
  rating = {4},
  read = {Yes},
  timestamp = {2010-01-28T11:42:45.000+0100},
  title = {The Viterbi algorithm},
  volume = 61,
  year = 1973
}

@book{sipser,
    author = {Michael Sipser},
    title = {Introduction to the Theory of Computation},
    year = {2013},
}

@book{macarie,
    author = {Ioan Macarie},
    title = {Closure Properties of Stochastic Languages},
    year = {1993},
}

@article{collins,
    author = {Michael Collins},
    title = {Probabilistic Context-Free Grammars},
    howpublished = "\url{http://www.cs.columbia.edu/~mcollins/courses/nlp2011/notes/pcfgs.pdf}",
}

@ARTICLE{baker1975,
author={Baker, J.},
journal={Acoustics, Speech and Signal Processing, IEEE Transactions on},
title={The DRAGON system--An overview},
year={1975},
month={Feb},
volume={23},
number={1},
pages={24-29},
keywords={Acoustic measurements;Automatic speech recognition;Data mining;Error analysis;Markov processes;Power system modeling;Power system reliability;Random variables;Speech recognition;Vocabulary},
doi={10.1109/TASSP.1975.1162650},
ISSN={0096-3518},}

@INPROCEEDINGS{piyathilaka2013, 
author={Piyathilaka, L. and Kodagoda, S.}, 
booktitle={Industrial Electronics and Applications (ICIEA), 2013 8th IEEE Conference on}, 
title={Gaussian mixture based HMM for human daily activity recognition using 3D skeleton features}, 
year={2013}, 
month={June}, 
pages={567-572}, 
keywords={Gaussian processes;hidden Markov models;human-robot interaction;image recognition;image sensors;robot vision;3D skeleton features;Gaussian mixture modal-based hidden Markov model;Gaussian mixture-based HMM;Microsoft Kinect;RGB-D sensor;automatic human activity detection model;human daily activity recognition;human-robot interaction;multimodel 3D positions;recall value;skeleton joint;Accuracy;Feature extraction;Hidden Markov models;Joints;Mathematical model;Robots}, 
doi={10.1109/ICIEA.2013.6566433},}

@book{cappe2005,
  title={Inference in Hidden Markov Models},
  author={Capp{\'e}, O. and Moulines, E. and Ryden, T.},
  isbn={9780387402642},
  lccn={2005923551},
  series={Springer Series in Statistics},
  year={2005},
  publisher={Springer}
}

@ARTICLE{Dempster1977,
    author = {A. P. Dempster and N. M. Laird and D. B. Rubin},
    title = {Maximum likelihood from incomplete data via the EM algorithm},
    journal = {JOURNAL OF THE ROYAL STATISTICAL SOCIETY, SERIES B},
    year = {1977},
    volume = {39},
    number = {1},
    pages = {1--38}
}

@article{wu1983,
  added-at = {2009-09-10T14:36:22.000+0200},
  author = {Wu, C. F. J.},
  biburl = {http://www.bibsonomy.org/bibtex/244ed1e7b29849a8f61de5da953f4ccd4/gregoryy},
  interhash = {34eed367e7c152ceef87d7b13a1e6550},
  intrahash = {44ed1e7b29849a8f61de5da953f4ccd4},
  journal = {The Annals of Statistics},
  keywords = {stat},
  number = 1,
  owner = {heinrich},
  pages = {95--103},
  timestamp = {2009-09-10T14:36:22.000+0200},
  title = {On the convergence properties of the {EM} algorithm},
  volume = 11,
  year = 1983
}

@article {levinson1983,
author = {Levinson, S. E. and Rabiner, L. R. and Sondhi, M. M.},
title = {An Introduction to the Application of the Theory of Probabilistic Functions of a Markov Process to Automatic Speech Recognition},
journal = {Bell System Technical Journal},
volume = {62},
number = {4},
publisher = {Blackwell Publishing Ltd},
issn = {1538-7305},
url = {http://dx.doi.org/10.1002/j.1538-7305.1983.tb03114.x},
doi = {10.1002/j.1538-7305.1983.tb03114.x},
pages = {1035--1074},
year = {1983},
}

@unpublished{leon-letter-pair-analysis-handouts,
author = {Jeffrey S. Leon},
title = {Handouts for MCS 425, Spring Semester, Department of Mathematics, Statistics, and Computer Science, University of Illinois},
year = {2008},
url = {http://homepages.math.uic.edu/~leon/mcs425-s08/handouts/char_freq2.pdf}
}

@article{thomas-letter-pair-analysis-picture,
author = {Teyvonia Thomas},
title = {Optical Character Recognition using Hidden Markov Models},
url = {http://teyvoniathomas.com/index.php/projects/75-ocr-hmms.html}
}

@article{Shen2008,
author = {Dawei Shen},
title = {Some Mathematics for HMM},
url = {http://courses.media.mit.edu/2010fall/mas622j/ProblemSets/ps4/tutorial.pdf}
}

@unpublished{trait-recognition,
author = {Narayanan Ramanathan},
title = {Applications of Hidden Markov Models, University of Maryland, CMSC 828 J, Spring 2006},
url = {http://www.cs.umd.edu/~djacobs/CMSC828/ApplicationsHMMs.pdfl}
}

@ARTICLE{li2000, 
author={Xiaolin Li and Parizeau, M. and Plamondon, Rejean}, 
journal={Pattern Analysis and Machine Intelligence, IEEE Transactions on}, 
title={Training hidden Markov models with multiple observations-a combinatorial method}, 
year={2000}, 
month={Apr}, 
volume={22}, 
number={4}, 
pages={371-377}, 
keywords={combinatorial mathematics;handwriting recognition;hidden Markov models;learning (artificial intelligence);speech recognition;HMM;Lagrange multiplier method;Levinson training equations;combinatorial method;dependence-independence assumptions;handling sequential signals;handwriting recognition;hidden Markov model training;multiple observation probability;multiple observations;speech recognition;statistical classification;statistical learning;Computer Society;Equations;Handwriting recognition;Hidden Markov models;Lagrangian functions;Maximum likelihood estimation;Speech recognition;Statistical learning;Stochastic processes;Uncertainty}, 
doi={10.1109/34.845379}, 
ISSN={0162-8828},}

@misc{desouza_hmm,
	title={Sequence Classifiers in {C}\# - Part I: Hidden Markov Models},
	url={http://www.codeproject.com/Articles/541428/Sequence-Classifiers-in-Csharp-Part-I-Hidden-Marko},
	author={de Souza, C\'{e}sar},
	year={2013},
	month={February},
	note={Last Accessed: 11/12/2014}
}

@misc{accord_net,
	title={Accord.{NET} homepage},
	url={http://accord-framework.net/},
	note={Last Accessed: 11/12/2014}
}

@inproceedings{bicego2007,
  added-at = {2007-10-23T00:00:00.000+0200},
  author = {Bicego, Manuele and Cristani, Marco and Murino, Vittorio},
  biburl = {http://www.bibsonomy.org/bibtex/274157ef154be0c4ee17bb8b8291585ae/dblp},
  booktitle = {ICIAP},
  date = {2007-10-23},
  description = {dblp},
  editor = {Cucchiara, Rita},
  ee = {http://doi.ieeecomputersociety.org/10.1109/ICIAP.2007.118},
  interhash = {06502a0b8ecb786bd6b6704892589c81},
  intrahash = {74157ef154be0c4ee17bb8b8291585ae},
  isbn = {0-7695-2877-5},
  keywords = {dblp},
  pages = {67-72},
  publisher = {IEEE Computer Society},
  timestamp = {2007-10-23T00:00:00.000+0200},
  title = {Sparseness Achievement in Hidden Markov Models.},
  url = {http://dblp.uni-trier.de/db/conf/iciap/iciap2007.html#BicegoCM07},
  year = 2007
}

@ARTICLE {bicego2003,
author={Bicego, M. and Murino, V. and Figueiredo, M. A. T. },
journal={Pattern Recognition Letters},
title={A sequential pruning strategy for the selection of the number of states in hidden Markov models},
year={2003},
month={June},
volume={24},
number={9-10},
pages={1405-1417},
ISSN={0167-8655},
} 

@INPROCEEDINGS{takami1992,
author={Takami, J. and Sagayama, S.},
booktitle={Acoustics, Speech, and Signal Processing, 1992. ICASSP-92., 1992 IEEE International Conference on},
title={A successive state splitting algorithm for efficient allophone modeling},
year={1992},
month={Mar},
volume={1},
pages={573-576 vol.1},
keywords={hidden Markov models;speech recognition;HMM;Japanese consonants;allophone modeling;hidden Markov models;hidden Markov network;maximum likelihood criterion;optimal parameters;optimal topology;output probability density distributions;phoneme context classes;speech recognition;successive state splitting algorithm;Acoustic distortion;Context modeling;Hidden Markov models;Intelligent networks;Laboratories;Network topology;Robustness;Speech recognition;Telephony;Testing},
doi={10.1109/ICASSP.1992.225855},
ISSN={1520-6149},}

@INPROCEEDINGS{roweis1999,
    author = {Sam Roweis},
    title = {Constrained hidden Markov models},
    booktitle = {In Solla et al. (2000},
    year = {1999},
    pages = {782--788},
    publisher = {MIT Press}
}

@INPROCEEDINGS{singer1996,
author={Singer, H. and Ostendorf, M.},
booktitle={Acoustics, Speech, and Signal Processing, 1996. ICASSP-96. Conference Proceedings., 1996 IEEE International Conference on},
title={Maximum likelihood successive state splitting},
year={1996},
month={May},
volume={2},
pages={601-604 vol. 2},
keywords={decision theory;hidden Markov models;maximum likelihood estimation;natural languages;search problems;speech recognition;trees (mathematics);HMM design algorithm;HMM topologies;HMM topology;Japanese phone recognition experiments;ML-SSS;constrained EM algorithm;contextual split;contextual variations modeling;continuous speech recognition system;decision tree clustering;greedy search;maximum likelihood successive state splitting;output distributions;recognition performance gains;robust models;temporal split;training conditions;training cost reduction;Algorithm design and analysis;Clustering algorithms;Context modeling;Costs;Decision trees;Hidden Markov models;Performance gain;Robustness;Speech recognition;Topology},
doi={10.1109/ICASSP.1996.543192},
ISSN={1520-6149},}

@misc{IEEEArithmetic,
	title = {Numerical Computation Guide - Chapter 2},
	howpublished = {\url{http://docs.oracle.com/cd/E19957-01/806-3568/ncg_math.html}},
	note = {Accessed: 2014-12-01}
}